@article{Liu2015,
author = {Liu, Y. and Li, S. and Song, L. and Rehg, J.M.},
title = {Efficient Learning of Continuous-Time Hidden Markov Models for Disease Progression},
journal = {Advances in Neural Inf Processes System},
year = {2015},
volume = {28},
pages = {3599-3607}
}

@book{Andserson1991,
author = {Anderson, William J.},
title = {Continuous-time Markov chains: an applications-oriented approach},
year = {1991},
publisher = {Springer}
}

@book{Ross2003,
author = {Ross, Sheldon},
title = {Probability Models: 8th Edition},
year = {2003},
publisher = {Academic Press}
}


